% Encoding: UTF-8

@Book{Goossens1993,
  author    = {Michel Goossens and Frank Mittelbach and Alexander Samarin},
  title     = {The LaTeX Companion},
  year      = {1993},
  publisher = {Addison-Wesley},
  address   = {Reading, Massachusetts},
}

@Article{Abedon2003,
  author  = {Abedon, S. T. and Hyman, P. and Thomas, C.},
  title   = {Experimental examination of bacteriophage latent-period evolution as a response to bacterial availability},
  journal = {Applied and Environmental Microbiology},
  year    = {2003},
  volume  = {69},
  pages   = {7499--7506},
}

@Comment{jabref-meta: databaseType:biblatex;}
